<?xml version="1.0" encoding="UTF-8"?><collection><record><leader>06683ntm a2200625 a 4500</leader><controlfield tag="001">006837428</controlfield><controlfield tag="003">MiAaHDL</controlfield><controlfield tag="005">20190719000000.0</controlfield><controlfield tag="006">m        d        </controlfield><controlfield tag="007">cr bn ---auaua</controlfield><controlfield tag="008">090709q16601720xx            00| ||per d</controlfield><datafield tag="035" ind1=" " ind2=" "><subfield code="a">(MiU)006837428</subfield></datafield><datafield tag="035" ind1=" " ind2=" "><subfield code="a">sdr-miu006837428</subfield></datafield><datafield tag="040" ind1=" " ind2=" "><subfield code="a">MiU</subfield><subfield code="c">MiU</subfield><subfield code="e">amremm</subfield></datafield><datafield tag="043" ind1=" " ind2=" "><subfield code="a">n-us-mi</subfield></datafield><datafield tag="100" ind1="1" ind2=" "><subfield code="6">880-01</subfield><subfield code="a">Abū Ṭāhir Ṭarsūsī, Muḥammad ibn Ḥasan.</subfield></datafield><datafield tag="240" ind1="1" ind2="0"><subfield code="6">880-02</subfield><subfield code="a">Abū Muslimʻnāmah</subfield></datafield><datafield tag="245" ind1="1" ind2="0"><subfield code="6">880-03</subfield><subfield code="a">Daftar-i sivvum az Qiṣṣah-i Abū Muslim Marvazī,</subfield><subfield code="f">[late 17th or early 18th century?].</subfield></datafield><datafield tag="246" ind1="3" ind2=" "><subfield code="a">دفتر سيوم از قصه ابو مسلم مروزى</subfield></datafield><datafield tag="246" ind1="3" ind2=" "><subfield code="i">Title from rubricated note on incipit page (p.10):</subfield><subfield code="a">دفتر سیویم قصه امیر ابا مسلم</subfield></datafield><datafield tag="246" ind1="3" ind2=" "><subfield code="i">Title inscribed in pencil on verso of front flyleaf (p.6):</subfield><subfield code="a">Kuseye Aboo Moslem</subfield></datafield><datafield tag="246" ind1="3" ind2="8"><subfield code="a">Kuseye Aboo Moslem</subfield></datafield><datafield tag="246" ind1="3" ind2=" "><subfield code="6">880-04</subfield><subfield code="a">Qiṣṣah-i Abū Muslim Marvazī</subfield></datafield><datafield tag="246" ind1="3" ind2=" "><subfield code="a">دفتر سوم از قصه ابو مسلم مروزى</subfield></datafield><datafield tag="260" ind1=" " ind2=" "><subfield code="c">[1660-1720?].</subfield></datafield><datafield tag="300" ind1=" " ind2=" "><subfield code="a">261 leaves :</subfield><subfield code="b">paper ;</subfield><subfield code="c">316 x 210 (235 x 150) mm. bound to 324 x 218 mm.</subfield></datafield><datafield tag="500" ind1=" " ind2=" "><subfield code="a">Shelfmark: Ann Arbor, University of Michigan, Special Collections Library, Isl. Ms. 882</subfield></datafield><datafield tag="500" ind1=" " ind2=" "><subfield code="a">Origin: Lacks dated colophon. Patronage note at close (p.526) may refer to composition of this recension or to execution of the copy, apparently on the order of Navvāb (Shāhzādah Baygum (Begam) Ṣāḥibah bint Pādishāh Jam Jāh Shāh ʻĀlam Bahādur Padishāh Ghāzī (نواب شاهزاده بيگم صاحبه بنت پادشاه جم جاه شاه عالم بهادر پادشاه غازى), i.e daughter of Bahādur Shāh I (Shāh ʻĀlam I), see descriptive note on added leaf (p.7). Paper, hand, etc. could be consistent with a late 17th century dating, though a later dating may be more likely.</subfield></datafield><datafield tag="500" ind1=" " ind2=" "><subfield code="a">Accompanying materials: a. Slip with note "Persian MSS (Heyworth-Dunne?) No Husselman or Meredith-Owens notes" (paginated pp.1-2) -- b. Slip with note "counted for 1968/69 Annual Report" (paginated pp.3-4).</subfield></datafield><datafield tag="500" ind1=" " ind2=" "><subfield code="a">Former shelfmark: Mich. Isl. Ms. temp. no. 31</subfield></datafield><datafield tag="500" ind1=" " ind2=" "><subfield code="a">Binding: Boards covered in shell 'marbled' paper (mainly in blue and burnt orange) with tan leather over spine and board corners (half-binding) ; Western style binding ; pastedowns and flyleaves in seafoam green wove paper, hinges in dark purple textile ; spine stamped with title "KUSEYE ABOO MOSLEM" on piece of dark blue leather ; now sewn in white thread over five recessed cords ; Western-style worked endbands in blue and red threads over a leather core ; overall in fairly good condition with minor abrasion, etc.</subfield></datafield><datafield tag="500" ind1=" " ind2=" "><subfield code="a">Support: non-European (likely Indian or Persian) laid paper with 8-9 laid lines per cm. (vertical, fairly distinct) and rare chain line visible, cloudy formation, quite sturdy though transluscent, well-burnished, dark cream in color ; staining and tide lines.</subfield></datafield><datafield tag="500" ind1=" " ind2=" "><subfield code="a">Decoration: Keywords and section headings rubricated ; textual dividers in the form of inverted commas in red.</subfield></datafield><datafield tag="500" ind1=" " ind2=" "><subfield code="a">Script: Nastaʻlīq ; bold, elegant hand ; serifless with effect of words descending to baseline, elongation and exaggerated thickness of horizontal strokes, pointing (two and three dots) mainly in distinct or conjoined dots.</subfield></datafield><datafield tag="500" ind1=" " ind2=" "><subfield code="a">Layout: Written in 17 lines per page ; frame-ruled.</subfield></datafield><datafield tag="500" ind1=" " ind2=" "><subfield code="a">Collation: ii, IV+1 (9), 13 IV(113), I (115), 5 IV(155), 2 II(163), IV+2 (173), 10 IV(253), III (259), I (261), ii (per mid-quire marks) ; chiefly quaternions ; middle of the quire marks in the form of black strokes in the upper outer corner of the right-hand leaf and lower-outer corner of the right-hand leaf ; catchwords present ; foliation in black ink, Hindu-Arabic numerals ; pagination in pencil, Western numerals, supplied during digitization (includes inserts and flyleaves and skips two pages each between pp.7-8 and 513-514).</subfield></datafield><datafield tag="500" ind1=" " ind2=" "><subfield code="a">Explicit: "والله اعلم بالصواب تم تمام شد هذا الكتاب بعون الملك الوهاب از قصه امیر امیران ... یعنی بنام خوش امیر عبد الرحمن بن اسد بن جنید بن آل عمران تمام شد دفتر سیویم قصه ابو مسلم مروزی بموجب فرمایش بیگمصاحبه محترمه معظمه فیاضه زمان ملكۀ دوران نواب شاهزاده بيگم صاحبه بنت بادشاه جم جاه شاه عالم بهادر پادشاه غازی تم تم تم"</subfield></datafield><datafield tag="500" ind1=" " ind2=" "><subfield code="a">Incipit: "الحمد لله رب العالمین والعاقبة للمتقین الصواه [الصلوة] والسلام على رسوله محمد واله اجمعین اول بنام آنکه مکیس منیت مشترک ان خالق خلاق و ان مالک ملک ... و حکیم ابو طاهر ترتوسی رحمة الله علیه ..."</subfield></datafield><datafield tag="500" ind1=" " ind2=" "><subfield code="a">Title from inscription on p.7.</subfield></datafield><datafield tag="500" ind1=" " ind2=" "><subfield code="a">Ms. codex.</subfield></datafield><datafield tag="510" ind1="4" ind2=" "><subfield code="a">Sajjadi, Sadeq. and Tr. Farzin Negahban. "Abū Muslim-nāmah." in Encyclopaedia Islamica,</subfield><subfield code="c">Vol. 2, p.349, col.1</subfield></datafield><datafield tag="510" ind1="4" ind2=" "><subfield code="a">Moscati, S. "Abū Muslim." In EI2,</subfield><subfield code="c">Vol. I, p.141, col.1</subfield></datafield><datafield tag="520" ind1="8" ind2=" "><subfield code="a">Fine copy of the epic tale relating the life and personality of Abū Muslim al-Khurāsānī (fl. 8th cent.) in the version attributed to Abū Ṭāhir Tartūsī (Ṭarsūsī, Tūsī, Ṭarṭūsī ; see opening matter on p.10).</subfield></datafield><datafield tag="538" ind1=" " ind2=" "><subfield code="a">Mode of access: Internet.</subfield></datafield><datafield tag="541" ind1=" " ind2=" "><subfield code="c">Gift ;</subfield><subfield code="a">Acquired from Frank E. Nuttall (1875-1943).</subfield></datafield><datafield tag="546" ind1=" " ind2=" "><subfield code="a">Persian.</subfield></datafield><datafield tag="561" ind1=" " ind2=" "><subfield code="a">On added leaf at opening (pp.7-8) inscription with title and detailed description addressing contents, etc. ; collation statement (with extent / number of leaves) on 'title page' (p.9) ; rubricated note on incipit page indicates partial date of completion (year not specified) "... تمام شد دفتر سيويم قصه امير ابا مسلم بتاريخ نهم شهر رجب المرجب" ; occasional glosses and marginal corrections.</subfield></datafield><datafield tag="600" ind1="1" ind2="0"><subfield code="a">Khurāsānī, Abū Muslim ʻAbd al-Raḥmān ibn Muslim,</subfield><subfield code="d">active 8th century.</subfield></datafield><datafield tag="650" ind1=" " ind2="0"><subfield code="a">Manuscripts, Persian</subfield><subfield code="z">Michigan</subfield><subfield code="z">Ann Arbor.</subfield></datafield><datafield tag="700" ind1="1" ind2=" "><subfield code="a">Nuttall, Frank E.,</subfield><subfield code="d">1875-1943,</subfield><subfield code="e">former owner.</subfield></datafield><datafield tag="773" ind1="0" ind2=" "><subfield code="a">F. E. Nuttall Collection.</subfield></datafield><datafield tag="880" ind1="3" ind2=" "><subfield code="6">246-04/</subfield><subfield code="a">قصه ابو مسلم مروزی</subfield></datafield><datafield tag="880" ind1="1" ind2="0"><subfield code="6">245-03/</subfield><subfield code="a">دفتر سیوم از قصه ابو مسلم مروزی,</subfield><subfield code="f">[پایان قرن 17 یا آغاز قرن 18م؟].</subfield></datafield><datafield tag="880" ind1="1" ind2="0"><subfield code="6">240-02/</subfield><subfield code="a">ابو مسلم نامه</subfield></datafield><datafield tag="880" ind1="1" ind2=" "><subfield code="6">100-01/</subfield><subfield code="a">ابو طاهر طرسوسى، محمد بن حسن.</subfield></datafield><datafield tag="CID" ind1=" " ind2=" "><subfield code="a">006837428</subfield></datafield><datafield tag="DAT" ind1="0" ind2=" "><subfield code="a">20190719102641.0</subfield><subfield code="b">20190719000000.0</subfield></datafield><datafield tag="DAT" ind1="1" ind2=" "><subfield code="a">20190719090653.0</subfield><subfield code="b">2019-07-19T16:12:32Z</subfield></datafield><datafield tag="DAT" ind1="2" ind2=" "><subfield code="a">2015-10-10T18:00:06Z</subfield></datafield><datafield tag="CAT" ind1=" " ind2=" "><subfield code="a">SDR-MIU</subfield><subfield code="d">EX LIBRIS - ALEPH</subfield><subfield code="l">prepare.pl-004-008</subfield></datafield><datafield tag="FMT" ind1=" " ind2=" "><subfield code="a">BK</subfield></datafield><datafield tag="HOL" ind1=" " ind2=" "><subfield code="0">sdr-miu006837428</subfield><subfield code="a">MiU</subfield><subfield code="b">SDR</subfield><subfield code="c">MIU</subfield><subfield code="p">mdp.39015079132596</subfield><subfield code="s">MIU</subfield><subfield code="1">006837428</subfield></datafield><datafield tag="974" ind1=" " ind2=" "><subfield code="b">MIU</subfield><subfield code="c">MIU</subfield><subfield code="d">20190719</subfield><subfield code="s">lit-dlps-dc</subfield><subfield code="u">mdp.39015079132596</subfield><subfield code="y">1720</subfield><subfield code="r">pd</subfield><subfield code="q">exp</subfield></datafield></record></collection>